# created with:  /home/fiol/trabajo/programas/biblio-py/scripts/bibextract.py --remove-common --remove-fields=file -d /home/fiol/texmf/bibtex/bib/bib.dmp.bz2 main.aux


@ARTICLE{Cohen2001PRAp043412,
  author = { Cohen, J. S.},
  title = {Reexamination of over-the-barrier and tunneling ionization of the
      hydrogen atom in an intense field},
  journal = {Phys. Rev. A},
  year = {2001},
  volume = {64},
  pages = {043412},
}

@ARTICLE{Eichena1988TJCPp2898,
  author = { Eichenauer, Dieter and  Le Roy, Robert J.},
  title = {Monte carlo simulations of structural properties and infrared spectra
      of {S}{F}6{--}({A}{R})n clusters},
  journal = {The Journal of Chemical Physics},
  year = {1988},
  volume = {88},
  number = {5},
  pages = {2898-2912},
}

@ARTICLE{Fiol2000JPBp2847,
  author = { Fiol, J. and  Barrachina, R. O.},
  title = {A classical interpretation of the off-shell {C}oulomb transition
      matrix},
  journal = {Journal of Physics B: Atomic Molecular and Optical Physics},
  year = {2000},
  volume = {33},
  number = {15},
  pages = {2847-2857},
}

@ARTICLE{Fiol2001JPBpL503,
  author = { Fiol, J. and  Olson, R. E. and  Santos, A. C. F. and  Sigaud, G. M.
      and  Montenegro, E. C.},
  title = {Simultaneous {P}rojectile and {T}arget {I}onization in {H}e$^{+}$ +
      {N}e {C}ollisions},
  journal = {Journal of Physics B: Atomic Molecular and Optical Physics},
  year = {2001},
  volume = {34},
  number = {16},
  pages = {L503-L509},
}

@ARTICLE{Fiol2002JPBp149,
  author = {Fiol, J. and  Barrachina, R. O. and  Rodr\'{\i}guez, V. D.},
  title = {Cusp formation in the single-particle momentum distributions of
      three-body continuum states},
  journal = {Journal of Physics B: Atomic Molecular and Optical Physics},
  year = {2002},
  volume = {35},
  number = {1},
  pages = {149-164},
}

@ARTICLE{Fiori2001PRAp12705,
  author = { Fiori, M. R. and  Jalbert, Ginette and  Bielschowsky, C. E. and
      Cravero, W.},
  title = {Ionization of lithium by impact of fast bare ions},
  journal = {Physical Review A},
  year = {2001},
  volume = {64},
  pages = {12705},
}

@ARTICLE{Galassi2002JPBp1727,
  author = { Galassi, M. E. and  Abufager, P. N. and  Martinez, A. E. and
      Rivarola, R. D. and  Fainstein, P. D.},
  title = {The continuum distorted wave eikonal initial state model for transfer
      ionization in {{H} $^{+}$ , {H}e $^{2+}$ + {H}e} collisions},
  journal = {Journal of Physics B: Atomic Molecular and Optical Physics},
  year = {2002},
  volume = {35},
  number = {7},
  pages = {1727-1739},
}

@ARTICLE{Garvey1975PRAp1144,
  author = { Garvey, R. H. and  Jackman, C. H. and  Green, A. E. S.},
  title = {Independent-particle-model potentials for atoms and ions with
      36<{Z}<=54 and a modified {T}homas-{F}ermi atomic energy formula},
  journal = {Physical Review A},
  year = {1975},
  volume = {12},
  pages = {1144-1152},
}

@ARTICLE{Gavrila2002JPBpR147,
  author = { Gavrila, Mihai},
  title = {Atomic stabilization in superintense laser fields},
  journal = {Journal of Physics B: Atomic Molecular and Optical Physics},
  year = {2002},
  volume = {35},
  number = {18},
  pages = {R147-R193},
}

@ARTICLE{Gulyas1995JPBp245,
  author = { Gulyas, L. and  Fainstein, P. D. and  Salin, A.},
  title = {C{D}{W}-{E}{I}{S} theory of ionization by ion impact with
      {H}artree-{F}ock description of the target},
  journal = {Journal of Physics B: Atomic Molecular and Optical Physics},
  year = {1995},
  volume = {28},
  number = {2},
  pages = {245-257},
}

@ARTICLE{Hardie1983JPBp1983,
  author = { Hardie, D. J. W. and  Olson, R. E.},
  title = {Charge transfer and ionisation processes involving multiply charged
      ions in collision with atomic hydrogen},
  journal = {Journal of Physics B: Atomic Molecular and Optical Physics},
  year = {1983},
  volume = {16},
  number = {11},
  pages = {1983-1996},
}

@ARTICLE{Kirchne2002PRAp42727,
  author = { Kirchner, T. and  Guly\'{a}s, L. and  Moshammer, R. and  Schulz, M. and
      Ullrich, J.},
  title = {Doubly differential electron-emission spectra in single and multiple
      ionization of noble-gas atoms by fast highly-charged-ion impact},
  journal = {Physical Review A},
  year = {2002},
  volume = {65},
  pages = {42727},
}

@ARTICLE{Madison1973PRAp2449,
  author = { Madison, D. H.},
  title = {Angular {D}istributions of {E}lectrons {E}jected from {H}elium by
      {P}roton {I}mpact},
  journal = {Physical Review A},
  year = {1973},
  volume = {8},
  pages = {2449-2455},
}

@ARTICLE{Milosev2006JPBpR203,
  author = { Milosevic, D. B. and  Paulus, G. G. and  Bauer, D. and  Becker,
      W.},
  title = {Above-threshold ionization by few-cycle pulses},
  journal = {Journal of Physics B: Atomic Molecular and Optical Physics},
  year = {2006},
  volume = {39},
  number = {14},
  pages = {R203-R262},
}

@ARTICLE{Nordsie1954PRp785,
  author = { Nordsieck, A.},
  title = {Reduction of an {I}ntegral in the {T}heory of {B}remsstrahlung},
  journal = {Physical Review},
  year = {1954},
  volume = {93},
  pages = {785-787},
}

@ARTICLE{Rodrigu1996JPBp275,
  author = { Rodr\'{\i}guez, V. D.},
  title = {Projectile angular distribution in single ionization of helium by
      proton impact at high and intermediate energies},
  journal = {Journal of Physics B: Atomic Molecular and Optical Physics},
  year = {1996},
  volume = {29},
  number = {2},
  pages = {275-286},
}

@ARTICLE{Salvat1995CPCp151,
  author = { Salvat, F. and  Fern\'{a}ndez-Varea, J. M. and  Williamson, W., Jr.},
  title = {Accurate numerical solution of the radial {S}chr\"{o}dinger and {D}irac
      wave equations},
  journal = {Computer Physics Communications},
  year = {1995},
  volume = {90},
  pages = {151-168},
}

@ARTICLE{Sommer1979CPCp383,
  author = { Sommer, B. and  Zabolitzky, J. G.},
  title = {On numerical {B}essel transformation},
  journal = {Computer Physics Communications},
  year = {1979},
  volume = {16},
  pages = {383-387},
}

@ARTICLE{Szydlik1974PRAp1885,
  author = { Szydlik, P. P. and  Green, A. E.},
  title = {Independent-particle-model potentials for ions and neutral atoms with
      {Z}<=18},
  journal = {Physical Review A},
  year = {1974},
  volume = {9},
  pages = {1885-1894},
}

@ARTICLE{Thomson1912PMp449,
  author = { Thomson, J. J.},
  journal = {Phil. Mag.},
  year = {1912},
  volume = {23},
  pages = {449},
}

@ARTICLE{Wood1997PRAp3701,
  author = { Wood, C. J. and  Feeler, C. R. and  Olson, R. E.},
  title = {Projectile charge-state dependence on final-state momentum
      distributions for single ionization of helium},
  journal = {Physical Review A},
  year = {1997},
  volume = {56},
  pages = {3701-3709},
}

@BOOK{Abramow1972_HOM,
  author = { Abramowitz, M. and  Stegun, I. A.},
  title = {Handbook of {M}athematical {F}unctions},
  year = {1972},
  address = {New York},
  publisher = {Dover Publications, Inc.},
}

@BOOK{Bethe1997AC_IQM,
  author = { Bethe, H. A. and  Jackiw, R.},
  title = {Intermediate {Q}uantum {M}echanics},
  year = {1997},
  address = {Reading Massachusetts},
  edition = {third},
  publisher = {D. Pines Series Ed. Addison Wesley},
  series = {Advanced book Classics},
}

@BOOK{Edmonds1960_AMI,
  author = { Edmonds, A. R.},
  title = {Angular momentum in {Q}uantum {M}echanics},
  year = {1960},
  address = {New Jersey},
  edition = {third},
  publisher = {Princeton University Press},
}

@BOOK{Galindo1990_QMvI,
  author = { Galindo, A. and  Pascual, P.},
  title = {Quantum {M}echanics},
  year = {1990},
  volume = {I},
  address = {Berlin},
  edition = {first},
  publisher = {Princeton University Press},
}

@BOOK{Galindo1990_QMvII,
  author = { Galindo, A. and  Pascual, P.},
  title = {Quantum {M}echanics},
  year = {1990},
  volume = {II},
  address = {Berlin},
  edition = {first},
  publisher = {Princeton University Press},
}

@BOOK{Gradsht1980_TOI,
  author = { Gradshtein, I. S. and  Ryzhik, I. M.},
  title = {Table of {I}ntegrals, {S}eries and {P}roducts},
  year = {1980},
  address = {Academic Press, London},
  publisher = {Academic Press, London},
}

@BOOK{Kohanof2006_ESC,
  author = { Kohanoff, Jorge},
  title = {Electronic {S}tructure {C}alculations for {S}olids and {M}olecules},
  year = {2006},
  publisher = {Cambridge University Press},
  isbn = {0521815916}, 
  keywords = {Density functionals},
}

@BOOK{Messiah1966_QMvI,
  author = { Messiah, A.},
  title = {Quantum {M}echanics},
  year = {1966},
  volume = {I},
  address = {New York, London, Sydney},
  edition = {fifth},
  publisher = {John Wiley {\&} Sons, Inc},
}

@BOOK{Messiah1966_QMvII,
  author = { Messiah, A.},
  title = {Quantum {M}echanics},
  year = {1966},
  volume = {II},
  address = {New York, London, Sydney},
  edition = {sixth},
  publisher = {John Wiley {\&} Sons, Inc},
}

@BOOK{Press1966_NRIvI,
  author = { Press, W. H. and  Teukolsky, S. A. and  Vetterling, W. T. and
      Flannery, B. P.},
  title = {Numerical {R}ecipes in {F}ortran},
  year = {1966},
  volume = {I},
  edition = {second},
  publisher = {Cambridge University Press},
}

@BOOK{Rose1967_ETO,
  author = { Rose, M. E.},
  title = {Elementary theory of angular momentum},
  year = {1967},
  address = {New York, London, Sydney},
  edition = {fifth},
  publisher = {John Wiley {\&} Sons, Inc},
}

@BOOK{Tannor2007_ITQ,
  author = { Tannor, D. J.},
  title = {Introduction to quantum mechanics: a time-dependent perspective},
  year = {2007},
  address = {Sausalito, CA USA},
  publisher = {University Science Books},
  isbn = {10 1-891389-23-8, 13 978-1-891389-23-8}, 
}

@BOOK{Townsen2000_AMA,
  author = { Townsend, J. S.},
  title = {A {M}odern approach to {Q}uantum {M}echanics},
  year = {2000},
  address = {California, USA},
  edition = {first},
  publisher = {University Science Books},
}

@INCOLLECTION{Mcguire1991AAMOP_MEIp217,
  author = { McGuire, J. H.},
  editor = { McGuire, J. H.},
  title = {Multiple-electron excitation, ionization and transfer in high-
      velocity atomic and molecular collisions},
  year = {1991},
  volume = {29},
  booktitle = {Advances in Atomic, Molecular and Optical Physics},
  publisher = {Academic Press, Inc.},
  pages = {217},
}

